[gd_scene load_steps=9 format=2]

[ext_resource path="res://Interfaces/Cargar/Cargar.gd" type="Script" id=1]
[ext_resource path="res://Interfaces/Guardar/Guardar_btn/Guardar_btn.tscn" type="PackedScene" id=2]
[ext_resource path="res://Mundo/Mundo.tscn" type="PackedScene" id=3]
[ext_resource path="res://recursos/fuentes/acme.ttf" type="DynamicFontData" id=4]

[sub_resource type="DynamicFont" id=1]
size = 50
font_data = ExtResource( 4 )

[sub_resource type="DynamicFontData" id=2]
font_path = "res://recursos/fuentes/acme.ttf"

[sub_resource type="DynamicFont" id=3]
size = 18
font_data = SubResource( 2 )

[sub_resource type="DynamicFont" id=4]
size = 48
font_data = ExtResource( 4 )

[node name="Cargar" type="Control"]
anchor_right = 1.0
anchor_bottom = 1.0
script = ExtResource( 1 )
__meta__ = {
"_edit_use_anchors_": false
}
partida_btn = ExtResource( 2 )
mundo_scena = ExtResource( 3 )

[node name="Panel" type="Panel" parent="."]
modulate = Color( 0.772549, 0.243137, 0.968627, 1 )
anchor_right = 1.0
anchor_bottom = 1.0
__meta__ = {
"_edit_use_anchors_": false
}

[node name="Titulo" type="Label" parent="."]
anchor_right = 1.0
margin_bottom = 100.0
rect_min_size = Vector2( 1024, 100 )
custom_fonts/font = SubResource( 1 )
text = "Cargar"
align = 1
valign = 1
__meta__ = {
"_edit_use_anchors_": false
}

[node name="VBoxContainer" type="ScrollContainer" parent="."]
anchor_top = 0.136
anchor_right = 0.993
anchor_bottom = 0.969
margin_left = 16.3394
margin_top = -0.174805
margin_right = -0.492615
margin_bottom = 0.0252075
grow_horizontal = 2
grow_vertical = 2
rect_min_size = Vector2( 1000, 500 )
focus_mode = 2
mouse_filter = 1
follow_focus = true
__meta__ = {
"_edit_use_anchors_": false
}

[node name="Partidas" type="VBoxContainer" parent="VBoxContainer"]
margin_right = 950.0
grow_horizontal = 2
grow_vertical = 2
rect_min_size = Vector2( 950, 0 )
alignment = 1

[node name="ConfirmationDialog" type="ConfirmationDialog" parent="."]
anchor_left = 0.5
anchor_top = 0.5
anchor_right = 0.5
anchor_bottom = 0.5
margin_left = -200.0
margin_top = -100.0
margin_right = 200.0
margin_bottom = 100.0
rect_min_size = Vector2( 400, 200 )
__meta__ = {
"_edit_use_anchors_": false
}

[node name="Label2" type="Label" parent="ConfirmationDialog"]
anchor_left = 0.5
anchor_top = 0.5
anchor_right = 0.5
anchor_bottom = 0.5
margin_left = -200.0
margin_top = -92.0
margin_right = 200.0
margin_bottom = 64.0
rect_min_size = Vector2( 400, 100 )
custom_fonts/font = SubResource( 3 )
text = "?Deseas cargar esta partida?"
align = 1
valign = 1

[node name="Cargandopanel" type="Panel" parent="."]
visible = false
anchor_right = 1.0
anchor_bottom = 1.0
__meta__ = {
"_edit_use_anchors_": false
}

[node name="Label" type="Label" parent="Cargandopanel"]
anchor_right = 1.0
anchor_bottom = 1.0
custom_fonts/font = SubResource( 4 )
custom_colors/font_color = Color( 1, 1, 1, 1 )
text = "Cargando..."
align = 1
valign = 1

[node name="SinPartidas" type="Panel" parent="."]
visible = false
anchor_right = 1.0
anchor_bottom = 1.0
__meta__ = {
"_edit_use_anchors_": false
}

[node name="Label" type="Label" parent="SinPartidas"]
anchor_right = 1.0
anchor_bottom = 1.0
custom_fonts/font = SubResource( 4 )
custom_colors/font_color = Color( 1, 1, 1, 1 )
text = "Aun no hay 
Partidas Guardadas"
align = 1
valign = 1
