[gd_scene load_steps=10 format=2]

[ext_resource path="res://recursos/Enemigos/Murcielago_morado/frames.png" type="Texture" id=1]
[ext_resource path="res://sistema_de_combate/Actores/Actor/Estadisticas/Estadisticas.tscn" type="PackedScene" id=2]
[ext_resource path="res://sistema_de_combate/Actores/Enemigos/Base/Base.gd" type="Script" id=3]
[ext_resource path="res://sistema_de_combate/Actores/Utilidades/AreaSeleccionable.tscn" type="PackedScene" id=4]
[ext_resource path="res://sistema_de_combate/Actores/Enemigos/Base/Ataque_base.tscn" type="PackedScene" id=5]
[ext_resource path="res://sistema_de_combate/Magia/Magia.tscn" type="PackedScene" id=6]
[ext_resource path="res://recursos/Enemigos/Murcielago_morado/hurtSFX.wav" type="AudioStream" id=8]

[sub_resource type="CircleShape2D" id=1]
radius = 25.0727

[sub_resource type="Animation" id=2]
resource_name = "Caminar"
length = 1.3
loop = true
tracks/0/type = "value"
tracks/0/path = NodePath("Sprite:frame")
tracks/0/interp = 1
tracks/0/loop_wrap = true
tracks/0/imported = false
tracks/0/enabled = true
tracks/0/keys = {
"times": PoolRealArray( 0, 0.3, 0.6, 0.9, 1.3 ),
"transitions": PoolRealArray( 1, 1, 1, 1, 1 ),
"update": 1,
"values": [ 4, 3, 4, 5, 4 ]
}

[node name="Base" type="Position2D" groups=[
"Actor",
]]
script = ExtResource( 3 )

[node name="ArmaSlot" type="Position2D" parent="."]
position = Vector2( 0, -1.71288 )
scale = Vector2( -1, 1 )

[node name="Sprite" type="Sprite" parent="."]
position = Vector2( 0, -1.71288 )
scale = Vector2( 1, 1.06852 )
texture = ExtResource( 1 )
flip_h = true
hframes = 3
vframes = 4
frame = 4
region_rect = Rect2( 0, 97, 48, 48 )
region_filter_clip = true

[node name="Estadisticas" parent="." instance=ExtResource( 2 )]
mp_max = 600
fuerza = 30
poder_magico = 80
experiencia = 25
tiempo_espera = 5.0

[node name="Selector" type="Position2D" parent="."]
position = Vector2( 35, 20 )

[node name="AreaSeleccionable" parent="." instance=ExtResource( 4 )]

[node name="CollisionShape2D" type="CollisionShape2D" parent="AreaSeleccionable"]
shape = SubResource( 1 )

[node name="Animaciones" type="AnimationPlayer" parent="."]
autoplay = "Caminar"
anims/Caminar = SubResource( 2 )

[node name="Tween" type="Tween" parent="."]

[node name="PosicionMostradosCambiosVida" type="Position2D" parent="."]
position = Vector2( -16, -16 )

[node name="Timer" type="Timer" parent="."]
one_shot = true

[node name="Ataque" parent="." instance=ExtResource( 5 )]

[node name="Magia" parent="." instance=ExtResource( 6 )]
magias_disponibles_flags = [ "Fulgur" ]

[node name="HurtAudio" type="AudioStreamPlayer2D" parent="."]
stream = ExtResource( 8 )
