[gd_scene load_steps=18 format=2]

[ext_resource path="res://recursos/Particulas/circle/circle_03.png" type="Texture" id=1]
[ext_resource path="res://recursos/Particulas/circle/circle_05.png" type="Texture" id=2]
[ext_resource path="res://recursos/Particulas/magic/magic_04.png" type="Texture" id=3]
[ext_resource path="res://recursos/Particulas/magic/magic_03.png" type="Texture" id=4]
[ext_resource path="res://sistema_de_combate/Magia/magias_animaciones/Animacion_magia.gd" type="Script" id=5]
[ext_resource path="res://recursos/Particulas/circle/circle_01.png" type="Texture" id=6]
[ext_resource path="res://recursos/Particulas/magic/magic_01.png" type="Texture" id=7]
[ext_resource path="res://recursos/Particulas/circle/circle_04.png" type="Texture" id=8]
[ext_resource path="res://recursos/Particulas/magic/magic_02.png" type="Texture" id=9]
[ext_resource path="res://recursos/Particulas/spark/spark_05.png" type="Texture" id=10]
[ext_resource path="res://recursos/Particulas/circle/circle_02.png" type="Texture" id=11]
[ext_resource path="res://recursos/Audio/Efectos_de_sonido/Hechizos/thunder.wav" type="AudioStream" id=12]

[sub_resource type="SpriteFrames" id=1]
animations = [ {
"frames": [ ExtResource( 7 ), ExtResource( 9 ) ],
"loop": false,
"name": "default",
"speed": 5.0
} ]

[sub_resource type="SpriteFrames" id=2]
animations = [ {
"frames": [ ExtResource( 8 ), ExtResource( 6 ), ExtResource( 3 ), ExtResource( 4 ), ExtResource( 1 ), ExtResource( 11 ), ExtResource( 2 ) ],
"loop": true,
"name": "default",
"speed": 8.0
} ]

[sub_resource type="Gradient" id=3]
offsets = PoolRealArray( 0, 0.292887, 0.523013, 0.74477, 0.983264 )
colors = PoolColorArray( 0.996094, 0.996094, 0.996094, 1, 0.935138, 0.976562, 0.219077, 1, 1, 1, 1, 1, 0.980469, 0.943043, 0.0223681, 1, 1, 0.960784, 0, 0.321569 )

[sub_resource type="GradientTexture" id=4]
gradient = SubResource( 3 )

[sub_resource type="ParticlesMaterial" id=5]
lifetime_randomness = 0.24
emission_shape = 2
emission_box_extents = Vector3( 20, 500, 1 )
flag_disable_z = true
direction = Vector3( 0, 1, 0 )
spread = 100.0
gravity = Vector3( 0, 98, 0 )
initial_velocity = 20.0
initial_velocity_random = 0.46
orbit_velocity = 0.0
orbit_velocity_random = 0.5
linear_accel = 200.0
linear_accel_random = 0.5
color_ramp = SubResource( 4 )

[node name="Fulgur" type="Node2D"]
show_behind_parent = true
position = Vector2( 526.401, 272.45 )
scale = Vector2( 0.5, 0.3 )
z_index = 5
script = ExtResource( 5 )

[node name="Animaciones" type="Node" parent="."]

[node name="Luces" type="AnimatedSprite" parent="Animaciones"]
visible = false
modulate = Color( 1, 0.996078, 0, 1 )
scale = Vector2( 0.25, 0.25 )
frames = SubResource( 1 )

[node name="Circulo" type="AnimatedSprite" parent="Animaciones"]
visible = false
scale = Vector2( 0.25, 0.25 )
frames = SubResource( 2 )
frame = 2

[node name="Particulas" type="Particles2D" parent="."]
show_behind_parent = true
position = Vector2( 20, -40 )
scale = Vector2( 0.5, 0.25 )
amount = 10
lifetime = 0.25
explosiveness = 0.1
process_material = SubResource( 5 )
texture = ExtResource( 10 )

[node name="EfectoDeSonidoMagia" type="AudioStreamPlayer2D" parent="."]
position = Vector2( 2, 0 )
stream = ExtResource( 12 )
