[gd_scene load_steps=9 format=2]

[ext_resource path="res://recursos/fuentes/acme.ttf" type="DynamicFontData" id=1]
[ext_resource path="res://recursos/Interfaz/Interfaz_general/buttonLong_grey.png" type="Texture" id=2]
[ext_resource path="res://recursos/personajes/ArtistaMarcial/icono.png" type="Texture" id=3]
[ext_resource path="res://recursos/Interfaz/Interfaz_general/buttonLong_blue_pressed.png" type="Texture" id=4]
[ext_resource path="res://Interfaces/PausaMenu/PersonajeMenu/PersonajeMenu.gd" type="Script" id=5]
[ext_resource path="res://recursos/Interfaz/Interfaz_general/buttonLong_blue.png" type="Texture" id=6]

[sub_resource type="DynamicFont" id=1]
font_data = ExtResource( 1 )

[sub_resource type="DynamicFont" id=2]
size = 22
font_data = ExtResource( 1 )

[node name="Personaje" type="Panel"]
margin_top = 58.0
margin_right = 650.0
margin_bottom = 208.0
rect_min_size = Vector2( 650, 150 )
script = ExtResource( 5 )
__meta__ = {
"_edit_use_anchors_": false
}

[node name="HBoxContainer" type="HBoxContainer" parent="."]
anchor_right = 1.0
anchor_bottom = 1.0
rect_min_size = Vector2( 650, 150 )
__meta__ = {
"_edit_use_anchors_": false
}

[node name="Icono" type="TextureRect" parent="HBoxContainer"]
margin_right = 150.0
margin_bottom = 150.0
rect_min_size = Vector2( 150, 150 )
texture = ExtResource( 3 )
stretch_mode = 6

[node name="Nombre" type="Label" parent="HBoxContainer"]
margin_left = 154.0
margin_right = 304.0
margin_bottom = 150.0
rect_min_size = Vector2( 150, 150 )
custom_fonts/font = SubResource( 1 )
text = "Guerrero"
align = 1
valign = 1

[node name="Opciones" type="VBoxContainer" parent="HBoxContainer"]
margin_left = 308.0
margin_right = 608.0
margin_bottom = 150.0
rect_min_size = Vector2( 300, 60 )
custom_constants/separation = 14
alignment = 1

[node name="Atributos" type="TextureButton" parent="HBoxContainer/Opciones"]
margin_top = 18.0
margin_right = 300.0
margin_bottom = 68.0
rect_min_size = Vector2( 300, 50 )
texture_normal = ExtResource( 2 )
texture_pressed = ExtResource( 4 )
texture_hover = ExtResource( 6 )
texture_focused = ExtResource( 6 )
expand = true

[node name="Label" type="Label" parent="HBoxContainer/Opciones/Atributos"]
anchor_right = 1.0
anchor_bottom = 1.0
custom_fonts/font = SubResource( 2 )
custom_colors/font_color = Color( 0, 0, 0, 1 )
text = "Atributos"
align = 1
valign = 1
__meta__ = {
"_edit_use_anchors_": false
}

[node name="Equipamiento" type="TextureButton" parent="HBoxContainer/Opciones"]
margin_top = 82.0
margin_right = 300.0
margin_bottom = 132.0
rect_min_size = Vector2( 300, 50 )
texture_normal = ExtResource( 2 )
texture_pressed = ExtResource( 4 )
texture_hover = ExtResource( 6 )
texture_focused = ExtResource( 6 )
expand = true

[node name="Label2" type="Label" parent="HBoxContainer/Opciones/Equipamiento"]
anchor_right = 1.0
anchor_bottom = 1.0
custom_fonts/font = SubResource( 2 )
custom_colors/font_color = Color( 0, 0, 0, 1 )
text = "Equipamiento"
align = 1
valign = 1
__meta__ = {
"_edit_use_anchors_": false
}
