[gd_scene load_steps=6 format=2]

[ext_resource path="res://recursos/fuentes/acme.ttf" type="DynamicFontData" id=1]
[ext_resource path="res://Interfaces/Controles/Controles.gd" type="Script" id=2]

[sub_resource type="DynamicFontData" id=1]
font_path = "res://recursos/fuentes/acme.ttf"

[sub_resource type="DynamicFont" id=2]
size = 44
font_data = SubResource( 1 )

[sub_resource type="DynamicFont" id=3]
size = 18
font_data = ExtResource( 1 )

[node name="Control" type="Control"]
anchor_right = 1.0
anchor_bottom = 1.0
script = ExtResource( 2 )
__meta__ = {
"_edit_use_anchors_": false
}

[node name="Panel" type="Panel" parent="."]
anchor_right = 1.0
anchor_bottom = 1.0
__meta__ = {
"_edit_use_anchors_": false
}

[node name="Label" type="Label" parent="."]
anchor_right = 1.0
margin_bottom = 100.0
rect_min_size = Vector2( 1024, 100 )
custom_fonts/font = SubResource( 2 )
text = "Controles PC"
align = 1
valign = 1
__meta__ = {
"_edit_use_anchors_": false
}

[node name="ScrollContainer" type="ScrollContainer" parent="."]
anchor_right = 1.0
anchor_bottom = 1.0
margin_top = 96.0
margin_bottom = -4.0
scroll_horizontal_enabled = false
__meta__ = {
"_edit_use_anchors_": false
}

[node name="VBoxContainer" type="VBoxContainer" parent="ScrollContainer"]
margin_right = 1010.0
margin_bottom = 932.0
__meta__ = {
"_edit_use_anchors_": false
}

[node name="MoverseIzq" type="HBoxContainer" parent="ScrollContainer/VBoxContainer"]
margin_right = 1010.0
margin_bottom = 100.0

[node name="tecla" type="Label" parent="ScrollContainer/VBoxContainer/MoverseIzq"]
margin_right = 256.0
margin_bottom = 100.0
rect_min_size = Vector2( 256, 100 )
custom_fonts/font = SubResource( 3 )
text = "flecha izquierda"
align = 1
valign = 1
autowrap = true
__meta__ = {
"_edit_use_anchors_": false
}

[node name="Accion" type="Label" parent="ScrollContainer/VBoxContainer/MoverseIzq"]
margin_left = 260.0
margin_right = 1010.0
margin_bottom = 100.0
rect_min_size = Vector2( 750, 100 )
custom_fonts/font = SubResource( 3 )
text = "Moverse a la izuierda/
Moverse por una interfaz a la izauierda"
align = 1
valign = 1
__meta__ = {
"_edit_use_anchors_": false
}

[node name="MoverseIzq2" type="HBoxContainer" parent="ScrollContainer/VBoxContainer"]
margin_top = 104.0
margin_right = 1010.0
margin_bottom = 204.0

[node name="tecla" type="Label" parent="ScrollContainer/VBoxContainer/MoverseIzq2"]
margin_right = 256.0
margin_bottom = 100.0
rect_min_size = Vector2( 256, 100 )
custom_fonts/font = SubResource( 3 )
text = "flecha Derecha"
align = 1
valign = 1
autowrap = true
__meta__ = {
"_edit_use_anchors_": false
}

[node name="Accion" type="Label" parent="ScrollContainer/VBoxContainer/MoverseIzq2"]
margin_left = 260.0
margin_right = 1010.0
margin_bottom = 100.0
rect_min_size = Vector2( 750, 100 )
custom_fonts/font = SubResource( 3 )
text = "Moverse a la Derecha/
Moverse por una interfaz a la Derecha"
align = 1
valign = 1
__meta__ = {
"_edit_use_anchors_": false
}

[node name="MoverseIzq3" type="HBoxContainer" parent="ScrollContainer/VBoxContainer"]
margin_top = 208.0
margin_right = 1010.0
margin_bottom = 308.0

[node name="tecla" type="Label" parent="ScrollContainer/VBoxContainer/MoverseIzq3"]
margin_right = 256.0
margin_bottom = 100.0
rect_min_size = Vector2( 256, 100 )
custom_fonts/font = SubResource( 3 )
text = "Flecha arriba"
align = 1
valign = 1
autowrap = true
__meta__ = {
"_edit_use_anchors_": false
}

[node name="Accion" type="Label" parent="ScrollContainer/VBoxContainer/MoverseIzq3"]
margin_left = 260.0
margin_right = 1010.0
margin_bottom = 100.0
rect_min_size = Vector2( 750, 100 )
custom_fonts/font = SubResource( 3 )
text = "Moverse hacia arriba /
Moverse por una interfaz hacia arriba."
align = 1
valign = 1
__meta__ = {
"_edit_use_anchors_": false
}

[node name="MoverseIzq5" type="HBoxContainer" parent="ScrollContainer/VBoxContainer"]
margin_top = 312.0
margin_right = 1010.0
margin_bottom = 412.0

[node name="tecla" type="Label" parent="ScrollContainer/VBoxContainer/MoverseIzq5"]
margin_right = 256.0
margin_bottom = 100.0
rect_min_size = Vector2( 256, 100 )
custom_fonts/font = SubResource( 3 )
text = "Felcha abajo"
align = 1
valign = 1
autowrap = true
__meta__ = {
"_edit_use_anchors_": false
}

[node name="Accion" type="Label" parent="ScrollContainer/VBoxContainer/MoverseIzq5"]
margin_left = 260.0
margin_right = 1010.0
margin_bottom = 100.0
rect_min_size = Vector2( 750, 100 )
custom_fonts/font = SubResource( 3 )
text = "Moverse hacia abajo /
Moverse por una interfaz hacia abajo."
align = 1
valign = 1
__meta__ = {
"_edit_use_anchors_": false
}

[node name="MoverseIzq4" type="HBoxContainer" parent="ScrollContainer/VBoxContainer"]
margin_top = 416.0
margin_right = 1010.0
margin_bottom = 516.0

[node name="tecla" type="Label" parent="ScrollContainer/VBoxContainer/MoverseIzq4"]
margin_right = 256.0
margin_bottom = 100.0
rect_min_size = Vector2( 256, 100 )
custom_fonts/font = SubResource( 3 )
text = "Tecla esc"
align = 1
valign = 1
autowrap = true
__meta__ = {
"_edit_use_anchors_": false
}

[node name="Accion" type="Label" parent="ScrollContainer/VBoxContainer/MoverseIzq4"]
margin_left = 260.0
margin_right = 1010.0
margin_bottom = 100.0
rect_min_size = Vector2( 750, 100 )
custom_fonts/font = SubResource( 3 )
text = "CAncelar una accion /
Cerrar una interfaz /
Regresar."
align = 1
valign = 1
__meta__ = {
"_edit_use_anchors_": false
}

[node name="MoverseIzq6" type="HBoxContainer" parent="ScrollContainer/VBoxContainer"]
margin_top = 520.0
margin_right = 1010.0
margin_bottom = 620.0

[node name="tecla" type="Label" parent="ScrollContainer/VBoxContainer/MoverseIzq6"]
margin_right = 256.0
margin_bottom = 100.0
rect_min_size = Vector2( 256, 100 )
custom_fonts/font = SubResource( 3 )
text = "Tecla SPACE"
align = 1
valign = 1
autowrap = true
__meta__ = {
"_edit_use_anchors_": false
}

[node name="Accion" type="Label" parent="ScrollContainer/VBoxContainer/MoverseIzq6"]
margin_left = 260.0
margin_right = 1010.0
margin_bottom = 100.0
rect_min_size = Vector2( 750, 100 )
custom_fonts/font = SubResource( 3 )
text = "Pausa"
align = 1
valign = 1
__meta__ = {
"_edit_use_anchors_": false
}

[node name="MoverseIzq7" type="HBoxContainer" parent="ScrollContainer/VBoxContainer"]
margin_top = 624.0
margin_right = 1010.0
margin_bottom = 724.0

[node name="tecla" type="Label" parent="ScrollContainer/VBoxContainer/MoverseIzq7"]
margin_right = 256.0
margin_bottom = 100.0
rect_min_size = Vector2( 256, 100 )
custom_fonts/font = SubResource( 3 )
text = "Tecla enter"
align = 1
valign = 1
autowrap = true
__meta__ = {
"_edit_use_anchors_": false
}

[node name="Accion" type="Label" parent="ScrollContainer/VBoxContainer/MoverseIzq7"]
margin_left = 260.0
margin_right = 1010.0
margin_bottom = 100.0
rect_min_size = Vector2( 750, 100 )
custom_fonts/font = SubResource( 3 )
text = "Aceptar / 
Ejecutar /
Acceder "
align = 1
valign = 1
__meta__ = {
"_edit_use_anchors_": false
}

[node name="MoverseIzq8" type="HBoxContainer" parent="ScrollContainer/VBoxContainer"]
margin_top = 728.0
margin_right = 1010.0
margin_bottom = 828.0

[node name="tecla" type="Label" parent="ScrollContainer/VBoxContainer/MoverseIzq8"]
margin_right = 256.0
margin_bottom = 100.0
rect_min_size = Vector2( 256, 100 )
custom_fonts/font = SubResource( 3 )
text = "Raton click izquierdo"
align = 1
valign = 1
autowrap = true
__meta__ = {
"_edit_use_anchors_": false
}

[node name="Accion" type="Label" parent="ScrollContainer/VBoxContainer/MoverseIzq8"]
margin_left = 260.0
margin_right = 1010.0
margin_bottom = 100.0
rect_min_size = Vector2( 750, 100 )
custom_fonts/font = SubResource( 3 )
text = "Aceptar / 
Ejecutar /
Acceder "
align = 1
valign = 1
__meta__ = {
"_edit_use_anchors_": false
}

[node name="MoverseIzq9" type="HBoxContainer" parent="ScrollContainer/VBoxContainer"]
margin_top = 832.0
margin_right = 1010.0
margin_bottom = 932.0

[node name="tecla" type="Label" parent="ScrollContainer/VBoxContainer/MoverseIzq9"]
margin_right = 256.0
margin_bottom = 100.0
rect_min_size = Vector2( 256, 100 )
custom_fonts/font = SubResource( 3 )
text = "Scroll con raton"
align = 1
valign = 1
autowrap = true
__meta__ = {
"_edit_use_anchors_": false
}

[node name="Accion" type="Label" parent="ScrollContainer/VBoxContainer/MoverseIzq9"]
margin_left = 260.0
margin_right = 1010.0
margin_bottom = 100.0
rect_min_size = Vector2( 750, 100 )
custom_fonts/font = SubResource( 3 )
text = "Hacer scroll con el raton en alguna interfaz."
align = 1
valign = 1
autowrap = true
__meta__ = {
"_edit_use_anchors_": false
}
